<?xml version="1.0" encoding="UTF-8"?>
<record xmlns="http://www.loc.gov/MARC21/slim">
   <leader>00836cam a22002055  4500</leader>
   <controlfield tag="001">2754070</controlfield>
   <controlfield tag="003">NjP</controlfield>
   <controlfield tag="005">20171010172705.0</controlfield>
   <controlfield tag="008">880805m19601966iq ac    b    000 0 arard</controlfield>
   <datafield tag="024" ind1="7" ind2=" ">
      <subfield code="a">princeton_aco003319</subfield>
      <subfield code="2">local</subfield>
   </datafield>
   <datafield ind1=" " ind2=" " tag="035">
      <subfield code="a">(OCoLC)ocm18315486</subfield>
   </datafield>
   <datafield ind1=" " ind2=" " tag="035">
      <subfield code="9">CNE7101TS</subfield>
   </datafield>
   <datafield ind1=" " ind2=" " tag="040">
      <subfield code="a">WAU</subfield>
      <subfield code="c">WAU</subfield>
      <subfield code="d">OCL</subfield>
      <subfield code="d">PUL</subfield>
   </datafield>
   <datafield ind1="1" ind2=" " tag="100">
      <subfield code="a">Rabbānī, Muḥammad ʻAlī ibn Ḥusayn.</subfield>
   </datafield>
   <datafield ind1="1" ind2="3" tag="245">
      <subfield code="a">al-Wāʻiẓ li-kull wāʻiẓ wa-muttaʻiẓ,</subfield>
      <subfield code="c">taʾlīf Muḥammad ʻAlī Rabbānī al-Wāʻiẓ al-Iṣfahānī al-Najafī.</subfield>
   </datafield>
   <datafield ind1=" " ind2=" " tag="260">
      <subfield code="a">al-Najaf,</subfield>
      <subfield code="b">Maṭbaʻat al-Najaf,</subfield>
      <subfield code="c">1377-1386 [1960-1966]</subfield>
   </datafield>
   <datafield ind1=" " ind2=" " tag="300">
      <subfield code="a">6 v.</subfield>
      <subfield code="b">illus., port.</subfield>
      <subfield code="c">24 cm.</subfield>
   </datafield>
   <datafield ind1=" " ind2=" " tag="504">
      <subfield code="a">Bibliography: v. 1, p.2-5.</subfield>
   </datafield>
   <datafield ind1=" " ind2="0" tag="650">
      <subfield code="a">Islamic sermons, Arabic.</subfield>
      <subfield code="0">http://id.loc.gov/authorities/subjects/sh85068482</subfield>
   </datafield>
   <datafield ind1=" " ind2=" " tag="945">
      <subfield code="a">F</subfield>
      <subfield code="b">1</subfield>
      <subfield code="c">2274.182.395</subfield>
      <subfield code="e">v.1-6</subfield>
   </datafield>
   <datafield ind1=" " ind2=" " tag="911">
      <subfield code="a">20000130</subfield>
   </datafield>
   <datafield ind1="0" ind2="1" tag="852">
      <subfield code="0">3064807</subfield>
      <subfield code="b">rcppa</subfield>
      <subfield code="t">1</subfield>
      <subfield code="h">BP183.6</subfield>
      <subfield code="i">.R333 1960</subfield>
      <subfield code="x">tr fr nec</subfield>
   </datafield>
   <datafield ind1=" " ind2="0" tag="866">
      <subfield code="0">3064807</subfield>
      <subfield code="8">0</subfield>
      <subfield code="a">v.1-6</subfield>
   </datafield>
   <datafield ind1=" " ind2=" " tag="959">
      <subfield code="a">2009-10-29 13:39:58 -0400</subfield>
   </datafield>
</record>
